<record><leader>00000cas a2200000 a 4500</leader><controlfield tag="001">10077292</controlfield><controlfield tag="008">831031d18361862miudn ne      0    0eng  </controlfield><datafield ind1=" " ind2=" " tag="010"><subfield code="a">sn 83016727 </subfield></datafield><datafield ind1=" " ind2=" " tag="040"><subfield code="a">DLC</subfield><subfield code="b">eng</subfield><subfield code="c">DLC</subfield><subfield code="d">NPU</subfield><subfield code="d">NPY</subfield><subfield code="d">NPX</subfield><subfield code="d">YOX</subfield><subfield code="d">NVF</subfield><subfield code="d">MHN</subfield><subfield code="d">OCL</subfield><subfield code="d">DLC</subfield><subfield code="d">OCL</subfield><subfield code="d">OCLCQ</subfield><subfield code="d">UBY</subfield><subfield code="d">KRTAS</subfield><subfield code="d">OCLCQ</subfield><subfield code="d">OCLCO</subfield><subfield code="d">OCLCF</subfield><subfield code="d">OCLCO</subfield></datafield><datafield ind1="1" ind2=" " tag="029"><subfield code="a">AU@</subfield><subfield code="b">000003041876</subfield></datafield><datafield ind1=" " ind2=" " tag="042"><subfield code="a">pcc</subfield></datafield><datafield ind1=" " ind2=" " tag="043"><subfield code="a">n-us-mi</subfield></datafield><datafield ind1="0" ind2="0" tag="050"><subfield code="a">Newspaper 8409</subfield></datafield><datafield ind1="1" ind2="4" tag="050"><subfield code="a">F574.D4</subfield><subfield code="b">D47x</subfield></datafield><datafield ind1="0" ind2="0" tag="245"><subfield code="a">Detroit daily advertiser.</subfield></datafield><datafield ind1="1" ind2="3" tag="246"><subfield code="a">Daily advertiser</subfield></datafield><datafield ind1=" " ind2=" " tag="260"><subfield code="a">Detroit, Mich. :</subfield><subfield code="b">George L. Whitney,</subfield><subfield code="c">-1862.</subfield></datafield><datafield ind1=" " ind2=" " tag="300"><subfield code="a">v. ;</subfield><subfield code="c">60-68 cm.</subfield></datafield><datafield ind1=" " ind2=" " tag="310"><subfield code="a">Daily (except Sunday)</subfield></datafield><datafield ind1=" " ind2=" " tag="321"><subfield code="a">Daily</subfield></datafield><datafield ind1="0" ind2=" " tag="362"><subfield code="a">Vol. 1, no. 1 (June 11, 1836)-v. 27 no. 296 (July 7, 1862).</subfield></datafield><datafield ind1=" " ind2=" " tag="500"><subfield code="a">Publishers: George L. Whitney, &lt;1836&gt;; George Dawson &amp; Morgan Bates, &lt;1839&gt;; A.S. Williams, &lt;1844-1845&gt;; Rawson, Duncklee &amp; Co., &lt;1848&gt;; Duncklee, Wales &amp; Co., &lt;1851-1852&gt;; Frederick Morley, &lt;1860&gt;.</subfield></datafield><datafield ind1=" " ind2=" " tag="500"><subfield code="a">Editors: A.S. Williams &amp; F.A. Harding, &lt;1844-1845&gt;; George W. Wisner, &lt;1848&gt;; Rufus Hosmer, &lt;1851&gt;.</subfield></datafield><datafield ind1=" " ind2=" " tag="580"><subfield code="a">Weekly ed.: Detroit weekly advertiser, 1839-1862.</subfield></datafield><datafield ind1=" " ind2=" " tag="580"><subfield code="a">Semiweekly ed.: Daily advertiser (Detroit, Mich.).</subfield></datafield><datafield ind1=" " ind2=" " tag="580"><subfield code="a">Triweekly ed.: Detroit advertiser.</subfield></datafield><datafield ind1=" " ind2=" " tag="580"><subfield code="a">Absorbed: Daily express (Detroit, Mich.), in 1845, and: Democrat and enquirer, in 1855? Cf. "Genealogical History of the Detroit News," Detroit news, Aug. 23, 1905, p. 1.</subfield></datafield><datafield ind1=" " ind2=" " tag="580"><subfield code="a">Merged, in part, with: Evening tribune (Detroit, Mich.), to form: Detroit advertiser and tribune (Detroit, Mich. : Evening ed.), and merged, in part, with: Detroit daily tribune (Detroit, Mich. : 1849), to form: Detroit advertiser and tribune (Detroit, Mich. : Morning ed.).</subfield></datafield><datafield ind1=" " ind2="0" tag="651"><subfield code="a">Detroit (Mich.)</subfield><subfield code="v">Newspapers.</subfield></datafield><datafield ind1=" " ind2="7" tag="655"><subfield code="a">Newspapers.</subfield><subfield code="2">fast</subfield><subfield code="0">(OCoLC)fst01423814</subfield></datafield><datafield ind1=" " ind2="7" tag="651"><subfield code="a">Michigan</subfield><subfield code="z">Detroit.</subfield><subfield code="2">fast</subfield><subfield code="0">(OCoLC)fst01205010</subfield></datafield><datafield ind1=" " ind2=" " tag="752"><subfield code="a">United States</subfield><subfield code="b">Michigan</subfield><subfield code="c">Wayne</subfield><subfield code="d">Detroit.</subfield></datafield><datafield ind1="1" ind2=" " tag="775"><subfield code="t">Detroit weekly advertiser</subfield><subfield code="w">(DLC)sn 83016677</subfield><subfield code="w">(OCoLC)9975271</subfield></datafield><datafield ind1="1" ind2=" " tag="775"><subfield code="t">Daily advertiser (Detroit, Mich.)</subfield><subfield code="w">(DLC)sn 86053886</subfield><subfield code="w">(OCoLC)14756536</subfield></datafield><datafield ind1="1" ind2=" " tag="775"><subfield code="t">Detroit advertiser</subfield><subfield code="w">(DLC)sn 96076535</subfield><subfield code="w">(OCoLC)34371408</subfield></datafield><datafield ind1="1" ind2="5" tag="780"><subfield code="t">Daily express (Detroit, Mich.)</subfield></datafield><datafield ind1="1" ind2="5" tag="780"><subfield code="t">Democrat and enquirer</subfield></datafield><datafield ind1="1" ind2="7" tag="785"><subfield code="t">Evening tribune (Detroit, Mich.)</subfield><subfield code="w">(DLC)sn 86053890</subfield><subfield code="w">(OCoLC)14756602</subfield></datafield><datafield ind1="1" ind2="7" tag="785"><subfield code="t">Detroit advertiser and tribune (Detroit, Mich. : Evening ed.)</subfield><subfield code="w">(DLC)sn 86053892</subfield><subfield code="w">(OCoLC)14756702</subfield></datafield><datafield ind1="1" ind2="7" tag="785"><subfield code="t">Detroit daily tribune (Detroit, Mich. : 1849)</subfield><subfield code="w">(DLC)sn 83025256</subfield><subfield code="w">(OCoLC)9356175</subfield></datafield><datafield ind1="1" ind2="7" tag="785"><subfield code="t">Detroit advertiser and tribune (Detroit, Mich. : Morning ed.)</subfield><subfield code="w">(DLC)sn 83016665</subfield><subfield code="w">(OCoLC)9974120</subfield></datafield><datafield ind1=" " ind2=" " tag="938"><subfield code="a">Kirtas Technologies, Inc.</subfield><subfield code="b">KRTS</subfield><subfield code="n">737620</subfield></datafield></record>